@article{Ulam_1949,
 ISSN = {01621459},
 URL = {http://www.jstor.org/stable/2280232},
 abstract = {We shall present here the motivation and a general description of a method dealing with a class of problems in mathematical physics. The method is, essentially, a statistical approach to the study of differential equations, or more generally, of integro-differential equations that occur in various branches of the natural sciences.},
 author = {Nicholas Metropolis and S. Ulam},
 journal = {Journal of the American Statistical Association},
 number = {247},
 pages = {335-341},
 publisher = {[American Statistical Association, Taylor & Francis, Ltd.]},
 title = {The Monte Carlo Method},
 volume = {44},
 year = {1949}
}

@book{Lewis_1993,
 Author = {Elmer E. Lewis and Warren F. Miller Jr.},
 Title = {Computational Methods of Neutron Transport},
 Publisher = {Amer Nuclear Society},
 Year = {1993},
 ISBN = {0894484524},
 URL = {https://www.amazon.com/Computational-Methods-Neutron-Transport-Elmer/dp/0894484524?SubscriptionId=0JYN1NVW651KCA56C102&tag=techkie-20&linkCode=xm2&camp=2025&creative=165953&creativeASIN=0894484524}
}

@techreport{LANL_1987,
  author = "{X-5 MONTE CARLO TEAM}",
  title = "{MCNP -- A General Monte Carlo N-Particle Transport Code, Version 5}",
  institution = "Los Alamos National Laboratory",
  number = "LA-UR-03-1987",
  year = {1987}
}
